@article{o2015adaptive,
  title={Adaptive restart for accelerated gradient schemes},
  author={Oâ€™Donoghue, Brendan and Cand\`{e}s, Emmanuel},
  journal={Foundations of computational mathematics},
  volume={15},
  number={3},
  pages={715--732},
  year={2015},
  publisher={Springer US},
  url={https://arxiv.org/pdf/1204.3982v1.pdf}
}

@article{nesterov1998introductory,
  title={Introductory Lectures on Convex Programming Volume I: Basic course},
  author={Nesterov, Yu},
  journal={Lecture notes},
  year={1998},
  publisher={Citeseer}
}

@inproceedings{nesterov1983method,
  title={A method of solving a convex programming problem with convergence rate O (1/k2)},
  author={Nesterov, Yurii},
  booktitle={Soviet Mathematics Doklady},
  volume={27},
  number={2},
  pages={372--376},
  year={1983}
}